{@article{chapin1999real,
  title={{Real-time control of a robot arm using simultaneously recorded neurons in the motor cortex}},
  author={Chapin, J.K. and Moxon, K.A. and Markowitz, R.S. and Nicolelis, M.A.L.},
  journal={Nature neuroscience},
  volume={2},
  pages={664--670},
  issn={1097-6256},
  year={1999},
  publisher={NATURE AMERICA}
}

@article{bakkum2007meart,
  title={{MEART: the semi-living artist}},
  author={Bakkum, D.J. and Gamblen, P.M. and Ben-Ary, G. and Chao, Z.C. and Potter, S.M.},
  journal={Frontiers in Neurorobotics},
  volume={1},
  year={2007},
  publisher={Frontiers Research Foundation}
}

@incollection {BakkumEtAl,
   author = {Bakkum, Douglas J. and Shkolnik, Alexander C. and Ben-Ary, Guy and Gamblen, Phil and DeMarse, Thomas B. and Potter, Steve M.},
   affiliation = {Georgia Institute of Technology  },
   title = {Removing Some `A? from AI: Embodied Cultured Networks},
   booktitle = {Embodied Artificial Intelligence},
   series = {Lecture Notes in Computer Science},
   editor = {Iida, Fumiya and Pfeifer, Rolf and Steels, Luc and Kuniyoshi, Yasuo},
   publisher = {Springer Berlin / Heidelberg},
   isbn = {},
   pages = {629-629},
   volume = {3139},
   url = {http://dx.doi.org/10.1007/978-3-540-27833-7_10},
   note = {10.1007/978-3-540-27833-7_10},
   year = {2004}
}

@article{Novellino:2007:CNM:1321348.1321350,
 author = {Novellino, A. and D'Angelo, P. and Cozzi, L. and Chiappalone, M. and Sanguineti, V. and Martinoia, S.},
 title = {Connecting neurons to a mobile robot: an in vitro bidirectional neural interface},
 journal = {Computational Intelligence and Neuroscience},
 issue_date = {January 2007},
 volume = {2007},
 month = {January},
 year = {2007},
 issn = {1687-5265},
 pages = {2--2},
 numpages = {1},
 url = {http://dx.doi.org/10.1155/2007/12725},
 doi = {http://dx.doi.org/10.1155/2007/12725},
 acmid = {1321350},
 publisher = {Hindawi Publishing Corp.},
 address = {New York, NY, United States}
} 

@article{rolston2007precisely,
  title={{Precisely timed spatiotemporal patterns of neural activity in dissociated cortical cultures}},
  author={Rolston, J.D. and Wagenaar, D.A. and Potter, S.M.},
  journal={Neuroscience},
  volume={148},
  number={1},
  pages={294--303},
  issn={0306-4522},
  year={2007},
  publisher={Elsevier}
}

@article{wagenaar2006persistent,
  title={{Persistent dynamic attractors in activity patterns of cultured neuronal networks}},
  author={Wagenaar, D.A. and Nadasdy, Z. and Potter, S.M.},
  journal={Physical Review E},
  volume={73},
  number={5},
  pages={51907},
  issn={1550-2376},
  year={2006},
  publisher={APS}
}

@article{wilson1993dynamics,
  title={{Dynamics of the hippocampal ensemble code for space}},
  author={Wilson, M.A. and McNaughton, B.L.},
  journal={Science},
  volume={261},
  number={5124},
  pages={1055},
  year={1993},
  publisher={AAAS}
}

@article{chao2007region,
  title={{Region-specific network plasticity in simulated and living cortical networks: comparison of the center of activity trajectory (CAT) with other statistics}},
  author={Chao, Z.C. and Bakkum, D.J. and Potter, S.M.},
  journal={Journal of Neural Engineering},
  volume={4},
  pages={294},
  year={2007},
  publisher={IOP Publishing}
}

@article{hammond2010controlling,
  title={{Controlling a mobile robot with a biological brain}},
  author={Hammond, M.W. and Marshall, S. and Downes, J. and Xydas, D. and Nasuto, S.J. and Becerra, V.M. and Warwick, K. and Whalley, B.J.},
  journal={Defence Science Journal},
  volume={60},
  number={1},
  pages={5--14},
  issn={0011-748X},
  year={2010},
  publisher={Defence Scientific Information \& Documentation Centre (DESIDOC), Delhi}
}

@article{roxin2004self,
  title={Self-sustained activity in a small-world network of excitable neurons},
  author={Roxin, A. and Riecke, H. and Solla, S.A.},
  journal={Physical Review Letters},
  volume={92},
  number={19},
  pages={198101},
  year={2004},
  publisher={APS}
}

@article{rietman2003analog,
  title={Analog computation with rings of quasiperiodic oscillators: the microdynamics of cognition in living machines},
  author={Rietman, E.A. and Tilden, M.W. and Askenazi, M.},
  journal={Robotics and Autonomous Systems},
  volume={45},
  number={3},
  pages={249--263},
  year={2003},
  publisher={Elsevier}
}

@article{erickson2008caged,
  title={{Caged neuron MEA: A system for long-term investigation of cultured neural network connectivity}},
  author={Erickson, J. and Tooker, A. and Tai, Y.C. and Pine, J.},
  journal={Journal of Neuroscience Methods},
  volume={175},
  number={1},
  pages={1--16},
  year={2008},
  publisher={Elsevier}
}

@article{esposti2008synchronization,
  title={Synchronization of neurons in micro-electrode array cultures},
  author={Esposti, F. and Signorini, MG},
  journal={The European Physical Journal-Special Topics},
  volume={165},
  number={1},
  pages={129--135},
  year={2008},
  publisher={Springer}
}

@article{barmpoutis2010networks,
  title={Networks with the smallest average distance and the largest average clustering},
  author={Barmpoutis, D. and Murray, R.M.},
  journal={Arxiv preprint arXiv:1007.4031},
  year={2010}
}

@inproceedings{esposti2008estimation,
  title={{The estimation of long-term memory characteristics in MEA neuronal culture recordings}},
  author={Esposti, F. and Signorini, M.G.},
  booktitle={Engineering in Medicine and Biology Society, 2008. EMBS 2008. 30th Annual International Conference of the IEEE},
  pages={1017--1020},
  year={2008},
  organization={IEEE}
}

@techreport{shea2009optimization,
  title={Optimization of Neuronal-Computer Interface},
  author={Shea, T.B.},
  year={2009},
  institution={DTIC Document}
}

@article{potter2001new,
  title={A new approach to neural cell culture for long-term studies},
  author={Potter, S.M. and DeMarse, T.B.},
  journal={Journal of neuroscience methods},
  volume={110},
  number={1-2},
  pages={17--24},
  year={2001},
  publisher={Elsevier}
}


@inproceedings{le2008external,
  title={Do external stimuli, applied to train cultured cortical networks, disturb the balance between activity and connectivity?},
  author={le Feber, J. and Stegenga, J. and Rutten, W.},
  booktitle={Engineering in Medicine and Biology Society, 2008. EMBS 2008. 30th Annual International Conference of the IEEE},
  pages={5081--5084},
  year={2008},
  organization={IEEE}
}

@article{escola2008simone,
  title={{SIMONE: A Realistic Neural Network Simulator to Reproduce MEA-Based Recordings}},
  author={Escolá, Ricardo and Pouzat, Christophe and Chaffiol, Antoine and Yvert, Blaise and Magnin, Isabelle E. and Guillemaud,  Régis},
  journal={IEEE Transactions on Neural Systems and Rehabilitation Engineering},
  volume={16},
  number={2},
  year={2008},
  organization={IEEE}
}

@inproceedings{kahng2007stochastic,
  title={Stochastic Simulation Model for Patterned Neural Multi-Electrode Arrays},
  author={Kahng, D.S. and Nam, Y. and Lee, D.},
  booktitle={Bioinformatics and Bioengineering, 2007. BIBE 2007. Proceedings of the 7th IEEE International Conference on},
  pages={736--740},
  year={2007},
  organization={IEEE}
}

@article{natschläger2003computer,
  title={Computer models and analysis tools for neural microcircuits},
  author={Natschl{\\"a}ger, T. and Markram, H. and Maass, W.},
  journal={Neuroscience databases. A practical guide},
  volume={9},
  pages={123--138},
  year={2003},
  publisher={chapter}
}

@article{legenstein2003input,
  title={Input Prediction and Autonomous Movement Analysis in Recurrent Circuits of Spiking Neurons},
  author={Legenstein, R. and Maass, W.},
  journal={Reviews in the Neurosciences},
  volume={14},
  number={1-2},
  pages={5--20},
  year={2003},
  publisher={De Gruyter}
}

@article{joshi2005movement,
  title={Movement generation with circuits of spiking neurons},
  author={Joshi, P. and Maass, W.},
  journal={Neural Computation},
  volume={17},
  number={8},
  pages={1715--1738},
  year={2005},
  publisher={MIT Press}
}

@article{haeusler2007statistical,
  title={A statistical analysis of information-processing properties of lamina-specific cortical microcircuit models},
  author={Haeusler, S. and Maass, W.},
  journal={Cerebral Cortex},
  volume={17},
  number={1},
  pages={149},
  year={2007},
  publisher={Oxford Univ Press}
}

@techreport{jaeger2001echo,
  title={The" echo state" approach to analysing and training recurrent neural networks-with an erratum note'},
  author={Jaeger, H.},
  year={2001},
  institution={Technical Report GMD Report 148, German National Research Center for Information Technology}
}

@article{natschlaeger2002liquid,
  title={{The ``Liquid computer?: A novel strategy for real-time computing on time series}},
  author={Natschlaeger, T. and Maass, W. and Markram, H.},
  journal={Special Issue on Foundations of Information Processing of TELEMATIK},
  volume={8},
  number={1},
  pages={39--43},
  year={2002}
}

@article{ruaro2005toward,
  title={Toward the neurocomputer: Image processing and pattern recognition with neuronal cultures},
  author={Ruaro, M.E. and Bonifazi, P. and Torre, V.},
  journal={Biomedical Engineering, IEEE Transactions on},
  volume={52},
  number={3},
  pages={371--383},
  year={2005},
  publisher={IEEE}
}

@article{maass2002real,
  title={Real-time computing without stable states: A new framework for neural computation based on perturbations},
  author={Maass, W. and Natschl{\"a}ger, T. and Markram, H.},
  journal={Neural computation},
  volume={14},
  number={11},
  pages={2531--2560},
  year={2002},
  publisher={MIT Press}
}

@article{maass2003computational,
  title={Computational models for generic cortical microcircuits},
  author={Maass, W. and Natschl{\"a}ger, T. and Markram, H.},
  journal={Computational neuroscience: A comprehensive approach},
  year={2003},
  publisher={CRC-Press}
}

@article{maass2002fresh,
  title={A fresh look at real-time computation in generic recurrent neural circuits},
  author={Maass, W. and Natschl{\"a}ger, T. and Markram, H.},
  year={2002}
}

@article{goodman2008brian,
  title={{Brian: a simulator for spiking neural networks in Python}},
  author={Goodman, D. and Brette, R.},
  journal={Frontiers in Neuroinformatics},
  volume={2},
  year={2008},
  publisher={Frontiers Research Foundation}
}

@article{markram1998differential,
  title={Differential signaling via the same axon of neocortical pyramidal neurons},
  author={Markram, H. and Wang, Y. and Tsodyks, M.},
  journal={Proceedings of the National Academy of Sciences},
  volume={95},
  number={9},
  pages={5323},
  year={1998},
  publisher={National Acad Sciences}
}

@article{glackin2005novel,
  title={{A novel approach for the implementation of large scale spiking neural networks on FPGA hardware}},
  author={Glackin, B. and McGinnity, TM and Maguire, LP and Wu, QX and Belatreche, A.},
  journal={Computational Intelligence and Bioinspired Systems},
  pages={552--563},
  year={2005},
  publisher={Springer}
}

@article{maass2004computational,
  title={On the computational power of circuits of spiking neurons},
  author={Maass, W. and Markram, H.},
  journal={Journal of computer and system sciences},
  volume={69},
  number={4},
  pages={593--616},
  year={2004},
  publisher={Elsevier}
}

@article{warwick2010controlling,
  title={Controlling a mobile robot with a biological brain},
  author={Warwick, K. and Xydas, D. and Nasuto, S.J. and Becerra, V.M. and Hammond, M.W. and Downes, J. and Marshall, S. and Whalley, B.J. and others},
  journal={Defence Science Journal},
  volume={60},
  number={1},
  pages={5--14},
  year={2010},
  publisher={Defence Scientific Information \& Documentation Centre (DESIDOC), Delhi}
}

@inproceedings{maass2002new,
  title={A new approach towards vision suggested by biologically realistic neural microcircuit models},
  author={Maass, W. and Legenstein, R. and Markram, H.},
  booktitle={Biologically Motivated Computer Vision},
  pages={1--6},
  year={2002},
  organization={Springer}
}

@article{maass2003model,
  title={A model for real-time computation in generic neural microcircuits},
  author={Maass, W. and Natschlager, T. and Markram, H.},
  journal={Advances in Neural Information Processing Systems},
  pages={229--236},
  year={2003},
  publisher={MIT; 1998}
}

@article{fernando2003pattern,
  title={Pattern recognition in a bucket},
  author={Fernando, C. and Sojakka, S.},
  journal={Advances in Artificial Life},
  pages={588--597},
  year={2003},
  publisher={Springer}
}

@inproceedings{wagenaar2005meabench,
  title={{MEABench: A toolset for multi-electrode data acquisition and on-line analysis}},
  author={Wagenaar, D. and DeMarse, T.B. and Potter, S.M.},
  booktitle={2nd International IEEE EMBS Conference on Neural Engineering},
  pages={518--521},
  year={2005},
  organization={IEEE}
}

@article{serra2008folate,
  title={Folate and S-adenosylmethionine modulate synaptic activity in cultured cortical neurons: acute differential impact on normal and apolipoprotein-deficient mice},
  author={Serra, M. and Chan, A. and Dubey, M. and Gilman, V. and Shea, T.B.},
  journal={Physical Biology},
  volume={5},
  pages={044002},
  year={2008},
  publisher={IOP Publishing}
}

@book{kroupina2004survey,
  title={A Survey of compartmental modelling packages},
  author={Kroupina, O. and Rojas, R.},
  year={2004},
  publisher={Freie Univ., Fachbereich Mathematik und Informatik}
}

@article{jolivet2004generalized,
  title={Generalized integrate-and-fire models of neuronal activity approximate spike trains of a detailed model to a high degree of accuracy},
  author={Jolivet, R. and Lewis, T.J. and Gerstner, W.},
  journal={Journal of Neurophysiology},
  volume={92},
  number={2},
  pages={959},
  year={2004},
  publisher={Am Physiological Soc}
}

@article{baruchi2004hidden,
  title={Hidden Causal Motifs in the Activity of Cultured Networks: Are they Footprints of Hybrid Information Processing by the Neuro-Glia Fabric?},
  author={Baruchi, I. and Ben-Jacob, E.},
  journal={Neuroinformatics},
  year={2004}
}

@article{baruchi2004functional,
  title={Functional holography of recorded neuronal networks activity},
  author={Baruchi, I. and Ben-Jacob, E.},
  journal={Neuroinformatics},
  volume={2},
  number={3},
  pages={333--351},
  year={2004},
  publisher={Springer}
}

@article{minsky1988perceptrons,
  title={Perceptrons: Expanded edition},
  author={Minsky, ML and Papert, SA},
  year={1988},
  publisher={The MIT Press}
}

@article{ostojic2009connectivity,
  title={How connectivity, background activity, and synaptic properties shape the cross-correlation between spike trains},
  author={Ostojic, S. and Brunel, N. and Hakim, V.},
  journal={The Journal of Neuroscience},
  volume={29},
  number={33},
  pages={10234},
  year={2009},
  publisher={Society for Neuroscience}
}

@article{jaeger2004harnessing,
  title={Harnessing nonlinearity: Predicting chaotic systems and saving energy in wireless communication},
  author={Jaeger, H. and Haas, H.},
  journal={Science},
  volume={304},
  number={5667},
  pages={78},
  year={2004},
  publisher={American Association for the Advancement of Science}
}

@article{seung1993simple,
  title={Simple models for reading neuronal population codes},
  author={Seung, HS and Sompolinsky, H.},
  journal={Proceedings of the National Academy of Sciences},
  volume={90},
  number={22},
  pages={10749},
  year={1993},
  publisher={National Academy Sciences}
}

@book{jaeger2001short,
  title={Short term memory in echo state networks},
  author={Jaeger, H.},
  year={2001},
  publisher={GMD-Forschungszentrum Informationstechnik}
}

@article{ganguli2008memory,
  title={Memory traces in dynamical systems},
  author={Ganguli, S. and Huh, D. and Sompolinsky, H.},
  journal={Proceedings of the National Academy of Sciences},
  volume={105},
  number={48},
  pages={18970},
  year={2008},
  publisher={National Academy of Sciences}
}

@article{ziv1994simulator,
  title={Simulator for neural networks and action potentials: description and application},
  author={Ziv, I. and Baxter, D.A. and Byrne, J.H.},
  journal={Journal of neurophysiology},
  volume={71},
  number={1},
  pages={294--308},
  year={1994},
  publisher={American Physiological Society}
}

@InProceedings{vanier2005scale,
	author = {Vanier, Michael},
	title = {Large-Scale Neural Network Models},
	booktitle = {In Advanced Tutorials at {WAM-BAMM*05}},
	year = {2005},
	address = {San Antonio, Texas, USA},
	month = {Mar}
}

@book{Schutter1993Nodus,
  booktitle = {Neural Systems: Analysis and Modeling},
  title = {Nodus, A User Friendly Neuron Simulator for Macintosh Computers},
  author = {De Schutter, Erik},
  editor = {Eeckman, Frank H.},
  pages = {113--119},
  year = {1993},
  publisher = {Kluwer Academic}
}

@article{Vibert1997211,
	title = {XNBC: a simulation tool. Application to the study of neural coding using hybrid networks},
	journal = {Biosystems},
	volume = {40},
	number = {1?2},
	pages = {211 - 218},
	year = {1997},
	author = {J.-F. Vibert and K. Pakdaman and E. Boussard and E. Av-Ron}
}

@article{Vibert20011715,
	title = {XNBC V9: A user friendly simulation and analysis tool for neurobiologists},
	journal = {Neurocomputing},
	volume = {38?40},
	number = {0},
	pages = {1715 - 1723},
	year = {2001},
	note = {Computational Neuroscience: Trends in Research 2001},
	author = {Jean-François Vibert and Fabián Alvarez and Efstratios K. Kosmidis}
}

@article{hines1993neuron,
  title={NEURON?a program for simulation of nerve equations},
  author={Hines, M.},
  journal={Neural systems: Analysis and modeling},
  pages={127--136},
  year={1993},
  publisher={Citeseer}
}

@article{migliore2006parallel,
  title={Parallel network simulations with NEURON},
  author={Migliore, M. and Cannia, C. and Lytton, WW and Markram, H. and Hines, ML},
  journal={Journal of computational neuroscience},
  volume={21},
  number={2},
  pages={119--129},
  year={2006},
  publisher={Springer}
}

@article{Fournier1982Stochastic,
 author = {Fournier, Alain and Fussell, Don and Carpenter, Loren},
 title = {Computer rendering of stochastic models},
 journal = {Commun. ACM},
 issue_date = {June 1982},
 volume = {25},
 number = {6},
 month = jun,
 year = {1982},
 issn = {0001-0782},
 pages = {371--384},
 numpages = {14},
 url = {http://doi.acm.org/10.1145/358523.358553},
 doi = {10.1145/358523.358553},
 acmid = {358553},
 publisher = {ACM},
 address = {New York, NY, USA},
 keywords = {fractals, stochastic models, terrain models}
} 

@article{wagenaar2006extremely,
  title={An extremely rich repertoire of bursting patterns during the development of cortical cultures},
  author={Wagenaar, D. and Pine, J. and Potter, S.},
  journal={BMC neuroscience},
  volume={7},
  number={1},
  pages={11},
  year={2006},
  publisher={BioMed Central Ltd}
}

@article{chao2008shaping,
  title={Shaping embodied neural networks for adaptive goal-directed behavior},
  author={Chao, Z.C. and Bakkum, D.J. and Potter, S.M.},
  journal={PLoS computational biology},
  volume={4},
  number={3},
  pages={e1000042},
  year={2008},
  publisher={Public Library of Science}
}

@article{kawasaki1993independently,
  title={Independently evolved jamming avoidance responses employ identical computational algorithms: a behavioral study of the African electric fish, Gymnarchus niloticus},
  author={Kawasaki, M.},
  journal={Journal of Comparative Physiology A: Neuroethology, Sensory, Neural, and Behavioral Physiology},
  volume={173},
  number={1},
  pages={9--22},
  year={1993},
  publisher={Springer}
}

@article{max1979electrical,
  title={Electrical communication and jamming avoidance betwen resting Gymnotus carapo},
  author={Max Westby, GW},
  journal={Behavioral Ecology and Sociobiology},
  volume={4},
  number={4},
  pages={381--393},
  year={1979},
  publisher={Springer}
}

@article{lettvin1959frog,
  title={What the frog's eye tells the frog's brain},
  author={Lettvin, J.Y. and Maturana, H.R. and McCulloch, W.S. and Pitts, W.H.},
  journal={Proceedings of the IRE},
  volume={47},
  number={11},
  pages={1940--1951},
  year={1959},
  publisher={IEEE}
}

@conference {ROSAnnouncementPaper,
	title = {ROS: an open-source Robot Operating System},
	booktitle = {ICRA Workshop on Open Source Software},
	year = {2009},
	attachments = {http://www.willowgarage.com/sites/default/files/icraoss09-ROS.pdf},
	author = {Morgan Quigley and Ken Conley and Brian P. Gerkey and Josh Faust and Tully Foote and Jeremy Leibs and Rob Wheeler and Andrew Y. Ng}
}

@article{madhavan2007plasticity,
  title={Plasticity of recurring spatiotemporal activity patterns in cortical networks},
  author={Madhavan, R. and Chao, Z.C. and Potter, S.M.},
  journal={Physical biology},
  volume={4},
  pages={181},
  year={2007},
  publisher={IOP Publishing}
}

@article{ng2005light,
  title={Light field photography with a hand-held plenoptic camera},
  author={Ng, R. and Levoy, M. and Br{\'e}dif, M. and Duval, G. and Horowitz, M. and Hanrahan, P.},
  journal={Computer Science Technical Report CSTR},
  volume={2},
  year={2005}
}

@misc{zalevsky2007method,
  title={Method and system for object reconstruction},
  author={Zalevsky, Z. and Shpunt, A. and Maizels, A. and Garcia, J.},
  year={2007},
  month=apr # "~19",
  note={WO Patent WO/2007/043,036}
}

@article{Segev2000185,
title = "Generic modeling of chemotactic based self-wiring of neural networks",
journal = "Neural Networks",
volume = "13",
number = "2",
pages = "185 - 199",
year = "2000",
author = "Ronen Segev and Eshel Ben-Jacob",
}

@article{segev2003formation,
  title={Formation of electrically active clusterized neural networks},
  author={Segev, R. and Benveniste, M. and Shapira, Y. and Ben-Jacob, E. and others},
  journal={Physical review letters},
  volume={90},
  number={16},
  pages={168101--168101},
  year={2003},
  publisher={American Physical Society}
}

@article{campenot1977local,
  title={Local control of neurite development by nerve growth factor},
  author={Campenot, R.B.},
  journal={Proceedings of the National Academy of Sciences},
  volume={74},
  number={10},
  pages={4516},
  year={1977},
  publisher={National Acad Sciences}
}

@article{fields1990effects,
  title={Effects of patterned electrical activity on neurite outgrowth from mouse sensory neurons},
  author={Fields, R.D. and Neale, E.A. and Nelson, P.G.},
  journal={The Journal of Neuroscience},
  volume={10},
  number={9},
  pages={2950--2964},
  year={1990},
  publisher={Soc Neuroscience}
}

@article{linsker1986basic,
  title={From basic network principles to neural architecture: Emergence of orientation-selective cells},
  author={Linsker, R.},
  journal={Proceedings of the National Academy of Sciences},
  volume={83},
  number={21},
  pages={8390},
  year={1986},
  publisher={National Acad Sciences}
}


@article{segev1998neurons,
  title={From neurons to brain: Adaptive self-wiring of neurons},
  author={Segev, R. and Ben-Jacob, E.},
  journal={Arxiv preprint cond-mat/9806113},
  year={1998}
}

@article{shefi2002growth,
  title={Growth morphology of two-dimensional insect neural networks},
  author={Shefi, O. and Ben-Jacob, E. and Ayali, A.},
  journal={Neurocomputing},
  volume={44},
  pages={635--643},
  year={2002},
  publisher={Elsevier}
}

@article{segev2001chemical,
  title={Chemical waves and internal energy during cooperative self-wiring of neural nets},
  author={Segev, R. and Ben Jacob, E.},
  journal={Neurocomputing},
  volume={38},
  pages={875--879},
  year={2001},
  publisher={Elsevier}
}

@article{chao2005effects,
  title={Effects of random external background stimulation on network synaptic stability after tetanization},
  author={Chao, Z.C. and Bakkum, D.J. and Wagenaar, D.A. and Potter, S.M.},
  journal={Neuroinformatics},
  volume={3},
  number={3},
  pages={263--280},
  year={2005},
  publisher={Springer}
}

@article{koene2009netmorph,
  title={NETMORPH: a framework for the stochastic generation of large scale neuronal networks with realistic neuron morphologies},
  author={Koene, R.A. and Tijms, B. and van Hees, P. and Postma, F. and de Ridder, A. and Ramakers, G.J.A. and van Pelt, J. and van Ooyen, A.},
  journal={Neuroinformatics},
  volume={7},
  number={3},
  pages={195--210},
  year={2009},
  publisher={Springer}
}

@article{chao2007toward,
  title={Toward the neurocomputer: goal-directed learning in embodied cultured networks},
  author={Chao, Z.C.},
  year={2007},
  publisher={Georgia Institute of Technology}
}

@article{shefi2002morphological,
  title={Morphological characterization of in vitro neuronal networks},
  author={Shefi, O. and Golding, I. and Segev, R. and Ben-Jacob, E. and Ayali, A.},
  journal={Physical Review E},
  volume={66},
  number={2},
  pages={021905},
  year={2002},
  publisher={APS}
}

@article{acimovic2011modeling,
  title={Modeling of neuronal growth in vitro: comparison of simulation tools NETMORPH and CX3D},
  author={Acimovic, J. and M{\"a}ki-Marttunen, T. and Havela, R. and Teppola, H. and Linne, ML},
  year={2011}
}

@article{sorkin2006compact,
  title={Compact self-wiring in cultured neural networks},
  author={Sorkin, R. and Gabay, T. and Blinder, P. and Baranes, D. and Ben-Jacob, E. and Hanein, Y.},
  journal={Journal of neural engineering},
  volume={3},
  pages={95},
  year={2006},
  publisher={IOP Publishing}
}

@article{fuchs2009formation,
  title={The formation of synchronization cliques during the development of modular neural networks},
  author={Fuchs, E. and Ayali, A. and Ben-Jacob, E. and Boccaletti, S.},
  journal={Physical Biology},
  volume={6},
  pages={036018},
  year={2009},
  publisher={IOP Publishing}
}

@article{mcallister1999neurotrophins,
  title={Neurotrophins and synaptic plasticity},
  author={McAllister, A.K. and Katz, L.C. and Lo, D.C.},
  journal={Annual review of neuroscience},
  volume={22},
  number={1},
  pages={295--318},
  year={1999},
  publisher={Annual Reviews 4139 El Camino Way, PO Box 10139, Palo Alto, CA 94303-0139, USA}
}

@inproceedings{fleischer1994simulation,
  title={A simulation testbed for the study of multicellular development: The multiple mechanisms of morphogenesis},
  author={Fleischer, K. and Barr, A.H.},
  booktitle={SANTA FE INSTITUTE STUDIES IN THE SCIENCES OF COMPLEXITY-PROCEEDINGS VOLUME-},
  volume={17},
  pages={389--389},
  year={1994},
  organization={Citeseer}
}

@article{wagenaar2005controlling,
  title={Controlling bursting in cortical cultures with closed-loop multi-electrode stimulation},
  author={Wagenaar, D.A. and Madhavan, R. and Pine, J. and Potter, S.M.},
  journal={The Journal of neuroscience},
  volume={25},
  number={3},
  pages={680--688},
  year={2005},
  publisher={Society for Neuroscience}
}

@article{mcallister1995neurotrophins,
  title={Neurotrophins regulate dendritic growth in developing visual cortex},
  author={McAllister, A.K. and Lo, D.C. and Katz, L.C.},
  journal={Neuron},
  volume={15},
  number={4},
  pages={791--803},
  year={1995},
  publisher={Elsevier}
}

@article{gafarov2006self,
  title={Self-wiring in neural nets of point-like cortical neurons fails to reproduce cytoarchitectural differences},
  author={Gafarov, F.M.},
  journal={Arxiv preprint q-bio/0607002},
  year={2006}
}

@article{watts1998collective,
  title={Collective dynamics of ?small-world?networks},
  author={Watts, D.J. and Strogatz, S.H.},
  journal={nature},
  volume={393},
  number={6684},
  pages={440--442},
  year={1998},
  publisher={Nature Publishing Group}
}

@article{patel2012dynamic,
  title={Dynamic Changes in Neural Circuit Topology Following Mild Mechanical Injury In Vitro},
  author={Patel, Tapan P. AND Ventre, Scott C. AND Meaney, David F.},
  journal={Annals of Biomedical Engineering},
  volume={40},
  number={1},
  pages={23--36},
  year={2012}
}

@article{shea2012accelerated,
	title={Accelerated establishment of mature signaling patterns following stimulation of developing neuronal networks: ?learning? versus ?plasticity?},
	author={Zemianek, Jill M. and Lee, Sangmook and Guaraldi, Mary and Shea, Thomas B.},
	journal={International Journal of Developmental Neuroscience},
	volume={30},
	pages={602-606},
	year={2012},
	publisher={Elseivier}
}

@article{10.1371/journal.pcbi.1000042,
    author = {Chao, Zenas C. AND Bakkum, Douglas J. AND Potter, Steve M.},
    journal = {PLoS Comput Biol},
    publisher = {Public Library of Science},
    title = {Shaping Embodied Neural Networks for Adaptive Goal-directed Behavior},
    year = {2008},
    month = {03},
    volume = {4},
    url = {http://dx.plos.org/10.1371%2Fjournal.pcbi.1000042},
    pages = {e1000042},
    number = {3},
    doi = {10.1371/journal.pcbi.1000042}
}

@article{1741-2552-1-1-006,
  author={Daniel A Wagenaar and Steve M Potter},
  title={A versatile all-channel stimulator for electrode arrays, with real-time control},
  journal={Journal of Neural Engineering},
  volume={1},
  number={1},
  pages={39},
  url={http://stacks.iop.org/1741-2552/1/i=1/a=006},
  year={2004},
}

@article{sharp2011buddhist,
	author={Patricia E. Sharp},
	title={{Buddhist Enlightenment and the Destruction of Attractor Networks: A Neuroscientific Speculation on the Buddhist Path from Everyday Consciousness to Buddha-Awakening}},
	journal={Journal of Consciousness Studies},
	volume={18},
	number={3-4},
	year={2011},
	pages={137-169}
}

@article{izhikevich2003simple,
  title={Simple model of spiking neurons},
  author={Izhikevich, E.M.},
  journal={Neural Networks, IEEE Transactions on},
  volume={14},
  number={6},
  pages={1569--1572},
  year={2003},
  publisher={IEEE}
}

@article{Izhikevich01082004,
author = {Izhikevich, Eugene M. and Gally, Joseph A. and Edelman, Gerald M.}, 
title = {Spike-timing Dynamics of Neuronal Groups},
volume = {14}, 
number = {8}, 
pages = {933-944}, 
year = {2004}, 
doi = {10.1093/cercor/bhh053}, 
abstract ={A neuronal network inspired by the anatomy of the cerebral cortex was simulated to study the self-organization of spiking neurons into neuronal groups. The network consisted of 100??000 reentrantly interconnected neurons exhibiting known types of cortical firing patterns, receptor kinetics, short-term plasticity and long-term spike-timing-dependent plasticity (STDP), as well as a distribution of axonal conduction delays. The dynamics of the network allowed us to study the fine temporal structure of emerging firing patterns with millisecond resolution. We found that the interplay between STDP and conduction delays gave rise to the spontaneous formation of neuronal groups ? sets of strongly connected neurons capable of firing time-locked, although not necessarily synchronous, spikes. Despite the noise present in the model, such groups repeatedly generated patterns of activity with millisecond spike-timing precision. Exploration of the model allowed us to characterize various group properties, including spatial distribution, size, growth, rate of birth, lifespan, and persistence in the presence of synaptic turnover. Localized coherent input resulted in shifts of receptive and projective fields in the model similar to those observed in vivo.}, 
URL = {http://cercor.oxfordjournals.org/content/14/8/933.abstract}, 
eprint = {http://cercor.oxfordjournals.org/content/14/8/933.full.pdf+html}, 
journal = {Cerebral Cortex} 
}

@article{izhikevich2006polychronization,
  title={Polychronization: Computation with spikes},
  author={Izhikevich, E.M.},
  journal={Neural computation},
  volume={18},
  number={2},
  pages={245--282},
  year={2006},
  publisher={MIT Press}
}

@book{izhikevich2006dynamical,
  title={Dynamical systems in neuroscience: the geometry of excitability and bursting},
  author={Izhikevich, E.M.},
  year={2006},
  publisher={MIT press}
}

@article{izhikevich2004model,
  title={Which model to use for cortical spiking neurons?},
  author={Izhikevich, E.M.},
  journal={Neural Networks, IEEE Transactions on},
  volume={15},
  number={5},
  pages={1063--1070},
  year={2004},
  publisher={IEEE}
}

@article{izhikevich2004spike,
  title={Spike-timing dynamics of neuronal groups},
  author={Izhikevich, E.M. and Gally, J.A. and Edelman, G.M.},
  journal={Cerebral Cortex},
  volume={14},
  number={8},
  pages={933--944},
  year={2004},
  publisher={Oxford Univ Press}
}

@inproceedings{demarse2005adaptive,
  title={Adaptive flight control with living neuronal networks on microelectrode arrays},
  author={DeMarse, T.B. and Dockendorf, K.P.},
  booktitle={Neural Networks, 2005. IJCNN'05. Proceedings. 2005 IEEE International Joint Conference on},
  volume={3},
  pages={1548--1551},
  year={2005},
  organization={IEEE}
}

@article{buzsaki2004neuronal,
  title={Neuronal oscillations in cortical networks},
  author={Buzs{\'a}ki, G. and Draguhn, A.},
  journal={Science},
  volume={304},
  number={5679},
  pages={1926--1929},
  year={2004},
  publisher={American Association for the Advancement of Science}
}

@article{serra2010inhibitory,
  title={Inhibitory neurons modulate spontaneous signaling in cultured cortical neurons: density-dependent regulation of excitatory neuronal signaling},
  author={Serra, Michael and Guaraldi, Mary and Shea, Thomas B},
  journal={Physical Biology},
  volume={7},
  number={2},
  pages={026009},
  year={2010},
  publisher={IOP Publishing}
}

@article{zemianek2012transient,
  title={Transient Epileptiform Signaling During Neuronal Network Development: Regulation by External Stimulation and Bimodal GABAergic Activity},
  author={Zemianek, Jill M and Shultz, Abraham M and Lee, Sangmook and Guaraldi, Mary and Yanco, Holly and Shea, Thomas B},
  journal={International Journal of Developmental Neuroscience},
  year={2012},
  publisher={Elsevier}
}

@article{zemianek2012stimulation,
  title={Stimulation with a low-amplitude, digitized synaptic signal to invoke robust activity within neuronal networks on multielectrode arrays},
  author={Zemianek, Jill M and Serra, Michael and Guaraldi, Mary and Shea, Thomas B and others},
  journal={BioTechniques},
  volume={52},
  number={3},
  pages={177},
  year={2012}
}

@article{zemianek2012accelerated,
  title={Accelerated establishment of mature signaling patterns following stimulation of developing neuronal networks:?learning? versus ?plasticity?},
  author={Zemianek, Jill M and Lee, Sangmook and Guaraldi, Mary and Shea, Thomas B},
  journal={International Journal of Developmental Neuroscience},
  year={2012},
  publisher={Elsevier}
}

@article{demarse2001neurally,
  title={The neurally controlled animat: biological brains acting with simulated bodies},
  author={DeMarse, Thomas B and Wagenaar, Daniel A and Blau, Axel W and Potter, Steve M},
  journal={Autonomous robots},
  volume={11},
  number={3},
  pages={305--310},
  year={2001},
  publisher={Springer}
}
